@article{Berry1999StretchingLA,
  title={Stretching letter and slanted-baseline formatting for Arabic, Hebrew, and Persian with ditroff/ffortid and dynamic PostScript fonts},
  author={Daniel M. Berry},
  journal={Softw. Pract. Exp.},
  year={1999},
  volume={29},
  pages={1417-1457},
  urll = {https://onlinelibrary.wiley.com/doi/abs/10.1002/%28SICI%291097-024X%2819991225%2929%3A15%3C1417%3A%3AAID-SPE282%3E3.0.CO%3B2-F},
}
@article{Azmi2014ACB,
  title={A calligraphic based scheme to justify Arabic text improving readability and comprehension},
  author={Aqil M. Azmi and Abeer Alsaiari},
  journal={Comput. Hum. Behav.},
  year={2014},
  volume={39},
  pages={177-186}
}
@Article{Jamal2006ArabicTJ,
  author =       "Mohamed Jamal Eddine Benatia and Mohamed Elyaakoubi
                 and Azzeddine Lazrek",
  title =        "{Arabic} text justification",
  journal =      {TUGboat},
  volume =       "27",
  number =       "2",
  pages =        "137--146",
  year =         "2006",
  ISSN =         "0896-3207",
  bibdate =      "Mon May 25 14:17:16 MDT 2015",
  bibsource =    "http://www.math.utah.edu/pub/tex/bib/index-table-t.html#tugboat;
                 http://www.math.utah.edu/pub/tex/bib/tugboat.bib;
                 http://www.tug.org/tug2006/",
  URL =          "https://tug.org/TUGboat/tb27-2/tb87benatia.pdf",
  acknowledgement = ack-bnb # " and " # ack-nhfb,
  fjournal =     "TUGboat",
  issue =        "87",
  journal-URL =  "https://tug.org/TUGboat/",
  remark =       "TUG 2006 Proceedings (Marrakesh, Morocco), and regular
                 articles.",
}
@Article{HossamFahmymeta,
  author =       "Ameer Sherif and Hossam Fahmy",
  title =        "Meta-designing parameterized {Arabic} fonts for
                 {AlQalam}",
  journal =      {TUGboat},
  volume =       "29",
  number =       "3",
  pages =        "435--443",
  year =         "2008",
  ISSN =         "0896-3207",
  bibdate =      "Mon May 25 14:17:16 MDT 2015",
  bibsource =    "http://tug.org/tug2008/;
                 http://www.math.utah.edu/pub/tex/bib/index-table-t.html#tugboat;
                 http://www.math.utah.edu/pub/tex/bib/tugboat.bib",
  URL =          "https://tug.org/TUGboat/tb29-3/tb93sherif.pdf",
  acknowledgement = ack-bnb # " and " # ack-nhfb,
  fjournal =     "TUGboat",
  issue =        "93",
  journal-URL =  "https://tug.org/TUGboat/",
  remark =       "TUG 2008 Proceedings.",
}
@article{OrientalTex,
  title={Oriental TeX: optimizing paragraphs},
  author={Hans Hagen and Idris Samawi Hamid},
  journal={CG Journal},
  year={2012},
  pages={52-81}
}
@Article{arabictextjust,
  author =       "Mohamed Jamal Eddine Benatia and Mohamed Elyaakoubi
                 and Azzeddine Lazrek",
  title =        "{Arabic} text justification",
  journal =      {TUGboat},
  volume =       "27",
  number =       "2",
  pages =        "137--146",
  year =         "2006",
  ISSN =         "0896-3207",
  ISSN-L =       "0896-3207",
  bibdate =      "Mon May 25 14:17:16 MDT 2015",
  bibsource =    "http://www.math.utah.edu/pub/tex/bib/index-table-t.html#tugboat;
                 http://www.math.utah.edu/pub/tex/bib/tugboat.bib;
                 http://www.tug.org/tug2006/",
  URL =          "https://tug.org/TUGboat/tb27-2/tb87benatia.pdf",
  acknowledgement = ack-bnb # " and " # ack-nhfb,
  confnote =     "TUG 2006 Proceedings (Marrakesh, Morocco), and regular
                 articles.",
  fjournal =     "TUGboat",
  issue =        "87",
  journal-URL =  "https://tug.org/TUGboat/",
  remark =       "Intermediate{\Dash}survey of historical methods of
                 Arabic text justification, and a recommended
                 algorithm.",
}
@article{howfontcan,
  author    = {Abdelouahad Bayar and
               Khalid Sami},
  title     = {How a Font Can Respect Basic Rules of Arabic Calligraphy},
  journal   = {Int. Arab. J. e Technol.},
  volume    = {1},
  number    = {1},
  pages     = {1--18},
  year      = {2009},
  urll       = {http://www.iajet.org/documents/vol.1/no.1/How\%20a\%20Font\%20Can\%20Respect\%20Basic\%20Rules\%20of.pdf},
  timestamp = {Mon, 11 May 2020 15:38:20 +0200},
  biburl    = {https://dblp.org/rec/journals/iajet/BayarS09.bib},
  bibsource = {dblp computer science bibliography, https://dblp.org}
}
@Article{expfontdev,
  author =       "Sherif Mansour and Hossam Fahmy",
  title =        "Experiences with {Arabic} font development",
  journal =      {TUGboat},
  volume =       "33",
  number =       "3",
  pages =        "295--298",
  year =         "2012",
  ISSN =         "0896-3207",
  ISSN-L =       "0896-3207",
  bibdate =      "Sat May 23 10:53:03 MDT 2015",
  bibsource =    "http://www.math.utah.edu/pub/tex/bib/index-table-t.html#tugboat;
                 http://www.math.utah.edu/pub/tex/bib/tugboat.bib",
  URLL =          "https://tug.org/TUGboat/tb33-3/tb105mansour.pdf",
  acknowledgement = ack-bnb # " and " # ack-nhfb,
  fjournal =     "TUGboat",
  issue =        "105",
  journal-URL =  "https://tug.org/TUGboat/",
  remark =       "Intermediate Plus{\Dash}development and debugging of
                 the Metafont-based AlQalam Arabic script.",
}
@book{themetafontbook,
author = {Knuth, Donald Ervin},
title = {The METAFONTbook},
year = {1986},
isbn = {0201134454},
publisher = {Addison-Wesley Longman Publishing Co., Inc.},
address = {USA},
urll = {https://www.worldcat.org/oclc/12973675}
}
@manual{metapostusermanual,
    author = {John D. Hobby},
    title = {A User's Manual for MetaPost},
    year = {1994},
    URL={https://www.tug.org/docs/metapost/mpman.pdf}
}
@Article{mflikesystem,
  author =       "John D. Hobby",
  title =        "{A {\MF}-like system with {\PS} output}",
  journal =      {TUGboat},
  volume =       "10",
  number =       "4",
  pages =        "505--512",
  month =        dec,
  year =         "1989",
  ISSN =         "0896-3207",
  ISSN-L =       "0896-3207",
  bibdate =      "Fri Jul 13 10:24:20 MDT 2007",
  bibsource =    "http://www.math.utah.edu/pub/tex/bib/index-table-t.html#tugboat;
                 http://www.math.utah.edu/pub/tex/bib/tugboat.bib",
  URL =          "https://tug.org/TUGboat/tb10-4/tb26hobby.pdf",
  acknowledgement = ack-bnb # " and " # ack-nhfb,
  confnote =     "TUG 1989 Conference Proceedings (Stanford,
                 California).",
  fjournal =     "TUGboat",
  issue =        "26",
  journal-URL =  "https://tug.org/TUGboat/",
}
@manual{mplibapi,
  author = {Taco Hoekwater and Luigi Scarso},
  year = {2018},
  title = {MPlib API documentation, version 2.00},
  url = {http://mirror.aut.ac.nz/CTAN/systems/doc/metapost/mplibapi.pdf}
}
@Article{Hosny:2019:BWS,
  author =       "Khaled Hosny",
  title =        "Bringing world scripts to {\LuaTeX}: The
                 HarfBuzz experiment",
  journal =      {TUGboat},
  volume =       "40",
  number =       "1",
  pages =        "38--43",
  year =         "2019",
  CODEN =        "????",
  ISSN =         "0896-3207",
  ISSN-L =       "0896-3207",
  bibdate =      "Fri May 17 12:13:29 MDT 2019",
  bibsource =    "http://www.math.utah.edu/pub/tex/bib/tugboat.bib",
  URL =          "https://tug.org/TUGboat/tb40-1/tb124hosny-harfbuzz.pdf",
  acknowledgement = ack-nhfb,
  fjournal =     "TUGboat",
  issue =        "124",
  journal-URL =  "https://tug.org/TUGboat/",
  remark =       "Advanced{\Dash}extended discussion of using
                 \lib{HarfBuzz} to shape text for \LuaTeX{} output.",
}
@Article{justjust,
  author = {Mohamed Elyaakoubi  and Azzeddine Lazrek},
  year = {2010},
  title = {Justify Just or Just Justify},
  journal={The Journal of Electronic Publishing 13, no. 1 (Winter 2010)},
  url = {https://doi.org/10.3998/3336451.0013.105}
}
@misc{webassemblypre,
  title = {Better-Engineered Font Formats},
  author = {Behdad Esfahbod},
  URL  =  {https://www.youtube.com/watch?v=fG1QEcl3yks&ab_channel=BehdadEsfahbod}
}
@misc{iekashida,
  title = {Justifying Text using Cascading Style Sheets (CSS) in Internet Explorer 5.5/6.0},
  author = {Paul Nelson},
  URLL  =  {https://web.archive.org/web/20030813215144/http://www.microsoft.com/middleeast/Arabicdev/IE6/KBase.asp}
}
  